@Article{Actis2011,
author="{The CTA Consortium}
and Actis, M.
and Agnetta, G.
and Aharonian, F.
and Akhperjanian, A.
and Aleksi{\'{c}}, J.
and Aliu, E.
and Allan, D.
and Allekotte, I.
and Antico, F.
and Antonelli, L. A.
and Antoranz, P.
and Aravantinos, A.
and Arlen, T.
and Arnaldi, H.
and Artmann, S.
and Asano, K.
and Asorey, H.
and B{\"a}hr, J.
and Bais, A.
and Baixeras, C.
and Bajtlik, S.
and Balis, D.
and Bamba, A.
and Barbier, C.
and Barcel{\'o}, M.
and Barnacka, A.
and Barnstedt, J.
and Barres de Almeida, U.
and Barrio, J. A.
and Basso, S.
and Bastieri, D.
and Bauer, C.
and Becerra, J.
and Becherini, Y.
and Bechtol, K.
and Becker, J.
and Beckmann, V.
and Bednarek, W.
and Behera, B.
and Beilicke, M.
and Belluso, M.
and Benallou, M.
and Benbow, W.
and Berdugo, J.
and Berger, K.
and Bernardino, T.
and Bernl{\"o}hr, K.
and Biland, A.
and Billotta, S.
and Bird, T.
and Birsin, E.
and Bissaldi, E.
and Blake, S.
and Blanch, O.
and Bobkov, A. A.
and Bogacz, L.
and Bogdan, M.
and Boisson, C.
and Boix, J.
and Bolmont, J.
and Bonanno, G.
and Bonardi, A.
and Bonev, T.
and Borkowski, J.
and Botner, O.
and Bottani, A.
and Bourgeat, M.
and Boutonnet, C.
and Bouvier, A.
and Brau-Nogu{\'e}, S.
and Braun, I.
and Bretz, T.
and Briggs, M. S.
and Brun, P.
and Brunetti, L.
and Buckley, J. H.
and Bugaev, V.
and B{\"u}hler, R.
and Bulik, T.
and Busetto, G.
and Buson, S.
and Byrum, K.
and Cailles, M.
and Cameron, R.
and Canestrari, R.
and Cantu, S.
and Carmona, E.
and Carosi, A.
and Carr, J.
and Carton, P. H.
and Casiraghi, M.
and Castarede, H.
and Catalano, O.
and Cavazzani, S.
and Cazaux, S.
and Cerruti, B.
and Cerruti, M.
and Chadwick, P. M.
and Chiang, J.
and Chikawa, M.
and Cie{\'{s}}lar, M.
and Ciesielska, M.
and Cillis, A.
and Clerc, C.
and Colin, P.
and Colom{\'e}, J.
and Compin, M.
and Conconi, P.
and Connaughton, V.
and Conrad, J.
and Contreras, J. L.
and Coppi, P.
and Corlier, M.
and Corona, P.
and Corpace, O.
and Corti, D.
and Cortina, J.
and Costantini, H.
and Cotter, G.
and Courty, B.
and Couturier, S.
and Covino, S.
and Croston, J.
and Cusumano, G.
and Daniel, M. K.
and Dazzi, F.
and Angelis, A. de
and de Cea del Pozo, E.
and de Gouveia Dal Pino, E. M.
and de Jager, O.
and de la Calle P{\'e}rez, I.
and De La Vega, G.
and De Lotto, B.
and de Naurois, M.
and de O{\~{n}}a Wilhelmi, E.
and de Souza, V.
and Decerprit, B.
and Deil, C.
and Delagnes, E.
and Deleglise, G.
and Delgado, C.
and Dettlaff, T.
and Di Paolo, A.
and Di Pierro, F.
and D{\'i}az, C.
and Dick, J.
and Dickinson, H.
and Digel, S. W.
and Dimitrov, D.
and Disset, G.
and Djannati-Ata{\"i}, A.
and Doert, M.
and Domainko, W.
and Dorner, D.
and Doro, M.
and Dournaux, J.-L.
and Dravins, D.
and Drury, L.
and Dubois, F.
and Dubois, R.
and Dubus, G.
and Dufour, C.
and Durand, D.
and Dyks, J.
and Dyrda, M.
and Edy, E.
and Egberts, K.
and Eleftheriadis, C.
and Elles, S.
and Emmanoulopoulos, D.
and Enomoto, R.
and Ernenwein, J.-P.
and Errando, M.
and Etchegoyen, A.
and Falcone, A. D.
and Farakos, K.
and Farnier, C.
and Federici, S.
and Feinstein, F.
and Ferenc, D.
and Fillin-Martino, E.
and Fink, D.
and Finley, C.
and Finley, J. P.
and Firpo, R.
and Florin, D.
and F{\"o}hr, C.
and Fokitis, E.
and Font, Ll.
and Fontaine, G.
and Fontana, A.
and F{\"o}rster, A.
and Fortson, L.
and Fouque, N.
and Fransson, C.
and Fraser, G. W.
and Fresnillo, L.
and Fruck, C.
and Fujita, Y.
and Fukazawa, Y.
and Funk, S.
and G{\"a}bele, W.
and Gabici, S.
and Gadola, A.
and Galante, N.
and Gallant, Y.
and Garc{\'i}a, B.
and Garc{\'i}a L{\'o}pez, R. J.
and Garrido, D.
and Garrido, L.
and Gasc{\'o}n, D.
and Gasq, C.
and Gaug, M.
and Gaweda, J.
and Geffroy, N.
and Ghag, C.
and Ghedina, A.
and Ghigo, M.
and Gianakaki, E.
and Giarrusso, S.
and Giavitto, G.
and Giebels, B.
and Giro, E.
and Giubilato, P.
and Glanzman, T.
and Glicenstein, J.-F.
and Gochna, M.
and Golev, V.
and G{\'o}mez Berisso, M.
and Gonz{\'a}lez, A.
and Gonz{\'a}lez, F.
and Gra{\~{n}}ena, F.
and Graciani, R.
and Granot, J.
and Gredig, R.
and Green, A.
and Greenshaw, T.
and Grimm, O.
and Grube, J.
and Grudzi{\'{n}}ska, M.
and Grygorczuk, J.
and Guarino, V.
and Guglielmi, L.
and Guilloux, F.
and Gunji, S.
and Gyuk, G.
and Hadasch, D.
and Haefner, D.
and Hagiwara, R.
and Hahn, J.
and Hallgren, A.
and Hara, S.
and Hardcastle, M. J.
and Hassan, T.
and Haubold, T.
and Hauser, M.
and Hayashida, M.
and Heller, R.
and Henri, G.
and Hermann, G.
and Herrero, A.
and Hinton, J. A.
and Hoffmann, D.
and Hofmann, W.
and Hofverberg, P.
and Horns, D.
and Hrupec, D.
and Huan, H.
and Huber, B.
and Huet, J.-M.
and Hughes, G.
and Hultquist, K.
and Humensky, T. B.
and Huppert, J.-F.
and Ibarra, A.
and Illa, J. M.
and Ingjald, J.
and Inoue, Y.
and Inoue, S.
and Ioka, K.
and Jablonski, C.
and Jacholkowska, A.
and Janiak, M.
and Jean, P.
and Jensen, H.
and Jogler, T.
and Jung, I.
and Kaaret, P.
and Kabuki, S.
and Kakuwa, J.
and Kalkuhl, C.
and Kankanyan, R.
and Kapala, M.
and Karastergiou, A.
and Karczewski, M.
and Karkar, S.
and Karlsson, N.
and Kasperek, J.
and Katagiri, H.",
title="Design concepts for the Cherenkov Telescope Array CTA: an advanced facility for ground-based high-energy gamma-ray astronomy",
journal="Experimental Astronomy",
year="2011",
month="Dec",
day="01",
volume="32",
number="3",
pages="193--316",
abstract="Ground-based gamma-ray astronomy has had a major breakthrough with the impressive results obtained using systems of imaging atmospheric Cherenkov telescopes. Ground-based gamma-ray astronomy has a huge potential in astrophysics, particle physics and cosmology. CTA is an international initiative to build the next generation instrument, with a factor of 5--10 improvement in sensitivity in the 100 GeV--10 TeV range and the extension to energies well below 100 GeV and above 100 TeV. CTA will consist of two arrays (one in the north, one in the south) for full sky coverage and will be operated as open observatory. The design of CTA is based on currently available technology. This document reports on the status and presents the major design concepts of CTA.",
issn="1572-9508",
doi="10.1007/s10686-011-9247-0",
url="https://doi.org/10.1007/s10686-011-9247-0"
}

